@preamble{ "\newcommand{\noopsort}[1]{} "
	# "\newcommand{\printfirst}[2]{#1} "
	# "\newcommand{\singleletter}[1]{#1} "
	# "\newcommand{\switchargs}[2]{#2#1} " }

@article{mathews1999expanded,
  title={Expanded sequence dependence of thermodynamic parameters improves prediction of RNA secondary structure},
  author={Mathews, David H and Sabina, Jeffrey and Zuker, Michael and Turner, Douglas H},
  journal={Journal of molecular biology},
  volume={288},
  number={5},
  pages={911--940},
  year={1999},
  publisher={Elsevier}
}

@article{lyngso2000rna,
  title={RNA pseudoknot prediction in energy-based models},
  author={Lyngs{\o}, Rune B and Pedersen, Christian NS},
  journal={Journal of computational biology},
  volume={7},
  number={3-4},
  pages={409--427},
  year={2000},
  publisher={Mary Ann Liebert, Inc.}
}

@article{aalberts2013visualizing,
  title={Visualizing RNA base-pairing probabilities with RNAbow diagrams},
  author={Aalberts, Daniel P and Jannen, William K},
  journal={RNA},
  volume={19},
  number={4},
  pages={475--478},
  year={2013},
  publisher={Cold Spring Harbor Lab}
}

@article{ding2004sfold,
  title={Sfold web server for statistical folding and rational design of nucleic acids},
  author={Ding, Ye and Chan, Chi Yu and Lawrence, Charles E},
  journal={Nucleic acids research},
  volume={32},
  number={suppl 2},
  pages={W135--W141},
  year={2004},
  publisher={Oxford Univ Press}
}

@misc{aalbertsNestor
  title={Nestor},
  author={Aalberts, Daniel P,  and Flynn, Michael, and Jannen, William K},
  note={unpublished work}
}

@article{PhysRevE.83.011113,
  title = {Efficient exploration of discrete energy landscapes},
  author = {Mann, Martin and Klemm, Konstantin},
  journal = {Phys. Rev. E},
  volume = {83},
  issue = {1},
  pages = {011113},
  numpages = {7},
  year = {2011},
  month = {Jan},
  publisher = {American Physical Society},
  doi = {10.1103/PhysRevE.83.011113},
  url = {http://link.aps.org/doi/10.1103/PhysRevE.83.011113}
}

@article{wolfinger2004efficient,
  title={Efficient computation of RNA folding dynamics},
  author={Wolfinger, Michael T and Svrcek-Seiler, W Andreas and Flamm, Christoph and Hofacker, Ivo L and Stadler, Peter F},
  journal={Journal of Physics A: Mathematical and General},
  volume={37},
  number={17},
  pages={4731},
  year={2004},
  publisher={IOP Publishing}
}

@article{hastings1970monte,
  title={Monte Carlo sampling methods using Markov chains and their applications},
  author={Hastings, W Keith},
  journal={Biometrika},
  volume={57},
  number={1},
  pages={97--109},
  year={1970},
  publisher={Biometrika Trust}
}

@article{mathews2006revolutions,
  title={Revolutions in RNA secondary structure prediction},
  author={Mathews, David H},
  journal={Journal of molecular biology},
  volume={359},
  number={3},
  pages={526--532},
  year={2006},
  publisher={Elsevier}
}

@misc{aalbertsCommunication,
  author={Daniel Aalberts},
  date={July 2014},
  howpublished={personal communication}
}

@article{metropolis1953equation,
  title={Equation of state calculations by fast computing machines},
  author={Metropolis, Nicholas and Rosenbluth, Arianna W and Rosenbluth, Marshall N and Teller, Augusta H and Teller, Edward},
  journal={The journal of chemical physics},
  volume={21},
  number={6},
  pages={1087--1092},
  year={1953},
  publisher={AIP Publishing}
}

@article{mann2014memory,
  title={Memory efficient RNA energy landscape exploration},
  author={Mann, Martin and Kuchar{\'\i}k, Marcel and Flamm, Christoph and Wolfinger, Michael T},
  journal={Bioinformatics},
  pages={btu337},
  year={2014},
  publisher={Oxford Univ Press}
}

@article{agius2010comparing,
  title={Comparing RNA secondary structures using a relaxed base-pair score},
  author={Agius, Phaedra and Bennett, Kristin P and Zuker, Michael},
  journal={RNA},
  volume={16},
  number={5},
  pages={865--878},
  year={2010},
  publisher={Cold Spring Harbor Lab}
}

@article{flamm2002barrier,
  title={Barrier trees of degenerate landscapes},
  author={Flamm, Christoph and Hofacker, Ivo L and Stadler, Peter F and Wolfinger, Michael T},
  journal={Zeitschrift f{\"u}r Physikalische Chemie International journal of research in physical chemistry and chemical physics},
  volume={216},
  number={2/2002},
  pages={155},
  year={2002}
}

@article{hofacker1998combinatorics,
  title={Combinatorics of RNA secondary structures},
  author={Hofacker, Ivo L and Schuster, Peter and Stadler, Peter F},
  journal={Discrete Applied Mathematics},
  volume={88},
  number={1},
  pages={207--237},
  year={1998},
  publisher={Elsevier}
}

@article{nussinov1980fast,
  title={Fast algorithm for predicting the secondary structure of single-stranded RNA},
  author={Nussinov, Ruth and Jacobson, Ann B},
  journal={Proceedings of the National Academy of Sciences},
  volume={77},
  number={11},
  pages={6309--6313},
  year={1980},
  publisher={National Acad Sciences}
}

@article{dirks2003partition,
  title={A partition function algorithm for nucleic acid secondary structure including pseudoknots},
  author={Dirks, Robert M and Pierce, Niles A},
  journal={Journal of computational chemistry},
  volume={24},
  number={13},
  pages={1664--1677},
  year={2003},
  publisher={Wiley Online Library}
}

@article{walter1994coaxial,
  title={Coaxial stacking of helixes enhances binding of oligoribonucleotides and improves predictions of RNA folding},
  author={Walter, Amy E and Turner, Douglas H and Kim, James and Lyttle, Matthew H and M{\"u}ller, Peter and Mathews, David H and Zuker, Michael},
  journal={Proceedings of the National Academy of Sciences},
  volume={91},
  number={20},
  pages={9218--9222},
  year={1994},
  publisher={National Acad Sciences}
}

@article{mathews2004incorporating,
  title={Incorporating chemical modification constraints into a dynamic programming algorithm for prediction of RNA secondary structure},
  author={Mathews, David H and Disney, Matthew D and Childs, Jessica L and Schroeder, Susan J and Zuker, Michael and Turner, Douglas H},
  journal={Proceedings of the National Academy of Sciences of the United States of America},
  volume={101},
  number={19},
  pages={7287--7292},
  year={2004},
  publisher={National Acad Sciences}
}

@article{mccaskill1990equilibrium,
  title={The equilibrium partition function and base pair binding probabilities for RNA secondary structure},
  author={McCaskill, John S},
  journal={Biopolymers},
  volume={29},
  number={6-7},
  pages={1105--1119},
  year={1990},
  publisher={Wiley Online Library}
}

@article{mathews2004using,
  title={Using an RNA secondary structure partition function to determine confidence in base pairs predicted by free energy minimization},
  author={Mathews, David H},
  journal={Rna},
  volume={10},
  number={8},
  pages={1178--1190},
  year={2004},
  publisher={Cold Spring Harbor Lab}
}

@article{ding2005rna,
  title={RNA secondary structure prediction by centroids in a Boltzmann weighted ensemble},
  author={Ding, YE and Chan, Chi Yu and Lawrence, Charles E},
  journal={Rna},
  volume={11},
  number={8},
  pages={1157--1166},
  year={2005},
  publisher={Cold Spring Harbor Lab}
}

@book{kaufman2009finding,
  title={Finding groups in data: an introduction to cluster analysis},
  author={Kaufman, Leonard and Rousseeuw, Peter J},
  volume={344},
  year={2009},
  publisher={John Wiley \& Sons}
}

@article{ding2003statistical,
  title={A statistical sampling algorithm for RNA secondary structure prediction},
  author={Ding, Ye and Lawrence, Charles E},
  journal={Nucleic acids research},
  volume={31},
  number={24},
  pages={7280--7301},
  year={2003},
  publisher={Oxford Univ Press}
}

@article{kladwang2011two,
  title={A two-dimensional mutate-and-map strategy for non-coding RNA structure},
  author={Kladwang, Wipapat and VanLang, Christopher C and Cordero, Pablo and Das, Rhiju},
  journal={Nature chemistry},
  volume={3},
  number={12},
  pages={954--962},
  year={2011},
  publisher={Nature Publishing Group}
}

@article{wilkinson2006selective,
  title={Selective 2 [prime]-hydroxyl acylation analyzed by primer extension (SHAPE): quantitative RNA structure analysis at single nucleotide resolution},
  author={Wilkinson, Kevin A and Merino, Edward J and Weeks, Kevin M},
  journal={Nature protocols},
  volume={1},
  number={3},
  pages={1610--1616},
  year={2006},
  publisher={Nature Publishing Group}
}

@article{deigan2008accurate,
  title={Accurate SHAPE-directed RNA structure determination},
  author={Deigan, Katherine E and Li, Tian W and Mathews, David H and Weeks, Kevin M},
  journal={Proceedings of the National Academy of Sciences},
  pages={pnas--0806929106},
  year={2008},
  publisher={National Acad Sciences}
}

@article{byrd1995limited,
  title={A limited memory algorithm for bound constrained optimization},
  author={Byrd, Richard H and Lu, Peihuang and Nocedal, Jorge and Zhu, Ciyou},
  journal={SIAM Journal on Scientific Computing},
  volume={16},
  number={5},
  pages={1190--1208},
  year={1995},
  publisher={SIAM}
}

@article{xia1998thermodynamic,
  title={Thermodynamic parameters for an expanded nearest-neighbor model for formation of RNA duplexes with Watson-Crick base pairs},
  author={Xia, Tianbing and SantaLucia, John and Burkard, Mark E and Kierzek, Ryszard and Schroeder, Susan J and Jiao, Xiaoqi and Cox, Christopher and Turner, Douglas H},
  journal={Biochemistry},
  volume={37},
  number={42},
  pages={14719--14735},
  year={1998},
  publisher={ACS Publications}
}

@article{zuker1981optimal,
  title={Optimal computer folding of large RNA sequences using thermodynamics and auxiliary information},
  author={Zuker, Michael and Stiegler, Patrick},
  journal={Nucleic acids research},
  volume={9},
  number={1},
  pages={133--148},
  year={1981},
  publisher={Oxford Univ Press}
}

@article{zuker1989finding,
  title={On finding all suboptimal foldings of an RNA molecule},
  author={Zuker, Michael and others},
  journal={Science},
  volume={244},
  number={4900},
  pages={48--52},
  year={1989}
}

@article{wuchty1999complete,
  title={Complete suboptimal folding of RNA and the stability of secondary structures},
  author={Wuchty, Stefan and Fontana, Walter and Hofacker, Ivo L and Schuster, Peter and others},
  journal={Biopolymers},
  volume={49},
  number={2},
  pages={145--165},
  year={1999}
}

@article{steffen2006rnashapes,
  title={RNAshapes: an integrated RNA analysis package based on abstract shapes},
  author={Steffen, Peter and Vo{\ss}, Bj{\"o}rn and Rehmsmeier, Marc and Reeder, Jens and Giegerich, Robert},
  journal={Bioinformatics},
  volume={22},
  number={4},
  pages={500--503},
  year={2006},
  publisher={Oxford Univ Press}
}